3000 5034
678 534 697 596 7

268 694 304 743 a.
325 674 639 743 cnrnanoraacnn
654 693 680 736 s.
702 668 1011 738 muneremunere
1027 668 1189 762 :capsulis

222 798 256 862 in
290 790 491 882 reciepeacaio
536 784 701 854 nomnrnni
739 784 877 875 stipitatc
911 788 1098 873 aggregatis.
1141 824 1186 841 -·

220 907 386 996 vegetatis
418 903 603 991 frondosa,
622 922 790 991 uranuanr
823 902 948 971 foliosa.
983 941 1026 958 -
1060 904 1187 974 Genera

218 1025 391 1090 Lnnularia
406 1066 418 1107 ,
442 1020 661 1105 Marchantia,
674 1016 915 1110 Cenocephalus
930 1071 941 1098 ,
954 1021 1133 1089 Fimbrnria
1154 1034 1189 1091 et

213 1139 404 1207 ‘Gdanmaa

265 1257 298 1323 5.
322 1254 631 1343 annunciarem,
659 1280 738 1346 quas
768 1258 884 1324 maistre
906 1255 1188 1325 Caarncsautan

219 1366 470 1443 inurendam
497 1394 507 1441 t
531 1373 663 1465 capsula
692 1373 834 1440 solitaria
869 1372 1002 1460 bitelri,
1037 1374 1188 1441 columne

218 1480 353 1556 cantandi
374 1490 562 1581 persistente
574 1532 585 1576 ,
597 1491 751 1582 operculo
778 1490 890 1577 nuile,-
916 1488 1096 1558 caninibus
1113 1489 1187 1555 ela·-

214 1606 401 1695 teribu‘sque
427 1606 635 1674 intermixtis.
658 1632 701 1664 w·-
727 1605 894 1693 vegetatio
918 1602 1073 1673 frondosa
1090 1630 1186 1675 nnn·-

217 1722 317 1809 qudm
337 1720 459 1790 foliosa.
476 1761 518 1775 -
533 1723 658 1794 Genera
680 1724 883 1792 Anthcceros‘
903 1737 936 1791 et
955 1725 1141 1794 Bhndevie.

264 1835 809 1931 4.Taac10u1nan:t>erinarpto
849 1841 926 1905 hinc
956 1836 1033 1906 fisco
1068 1836 1184 1908 bivalvi

220 1957 331 2042 sensili,
346 1954 513 2025 columelli
523 1954 622 2024 nulla.
633 1994 677 2007 -
689 1955 857 2043 Vegetatic
878 1953 1028 2020 frondosa
1044 1954 1184 2045 aphylla.

221 2110 264 2124 —
291 2073 416 2141 Genera
437 2075 607 2161 Targicnia
632 2086 665 2140 et
687 2072 866 2140 Meneclea.

265 2190 298 2254 5.
321 2190 517 2256 thclacnffi
551 2210 560 2254 ε
598 2188 775 2279 Pericarpic
808 2187 911 2257 evalvi
946 2187 1184 2274 indehiscente,

219 2307 385 2373 eiateribns
408 2306 515 2373 nullis.
555 2342 599 2358 -·
634 2305 800 2392 Vegetatic
838 2303 991 2372 frondosa
1031 2302 1185 2396 aphylla,

221 2421 321 2487 thallo
341 2422 522 2488 Lichenum
548 2421 663 2487 affinis.
692 2457 736 2470 -
766 2418 891 2487 Genera
916 2418 1184 2511 Sphaerocarpus‚

219 2531 393 2602 Tesseilina
403 2535 531 2622 ,Riecia
542 2535 732 2622 ,Ricciella,
754 2533 899 2601 Corsinia
910 2547 942 2600 et
953 2535 1183 2628 Brissecarpus.

267 2654 306 2723 In
315 2655 479 2720 exarando
488 2651 794 2742 prasentiopnsculo
805 2649 838 2715 id
849 2654 1052 2744 potissimum
1060 2665 1185 2744 specta·

221 2770 254 2839 vi
267 2769 655 2856 ,dungermannidearum
665 2791 778 2856 genera
792 2793 810 2836 a
823 2792 876 2836 me
886 2771 1045 2861 proposita
1058 2772 1185 2855 ,denud

225 2884 421 2970 describere,
440 2887 618 2975 speciesque
637 2907 747 2952 omnes
766 2887 921 2954 hectends
941 2909 998 2977 per
1019 2887 1185 2978 Europam

223 3000 399 3089 divulgatae
423 3003 548 3088 singulo
567 3003 673 3086 generi
696 3000 828 3068 referre.
849 3000 922 3069 Non
945 3025 1027 3090 nego
1044 3005 1184 3095 objecta·

224 3117 347 3185 tionem
359 3119 430 3185 fieri
443 3140 559 3209 pesse,
573 3118 690 3183 scilicet
701 3118 1006 3203 dungarmannideas
1019 3123 1093 3184 rard
1108 3144 1184 3187 cum

221 3229 335 3298 fructu
344 3235 475 3324 reperiri
487 3281 498 3320 ,
509 3235 595 3300 undis
606 3232 731 3300 difficile
748 3231 874 3303 ridetur
886 3256 938 3301 eas
951 3234 991 3299 ad
1003 3258 1117 3324 genera
1130 3260 1184 3302 re-

227 3345 316 3414 ferre
329 3351 505 3418 secunddm
520 3352 716 3419 characteres
729 3351 982 3421 fructificationis
991 3356 1181 3441 constituta3

232 3477 375 3532 attamen
387 3471 509 3537 nodum
521 3470 751 3561 expediturus,
772 3474 893 3541 clarem
904 3474 1097 3562 analyticam
1112 3499 1183 3565 spe·

235 3585 358 3651 ciarum
371 3587 412 3652 ad
422 3610 571 3654 normam
582 3587 737 3656 Candcllii
748 3599 781 3653 et
793 3588 930 3656 Hcckeri
940 3596 1090 3681 proposui
1097 3643 1109 3674 ‚
1122 3599 1184 3684 qud

232 3697 324 3767 facile
348 3702 463 3792 species
491 3705 532 3769 ad
554 3725 668 3790 genera
692 3729 748 3771 aua
772 3703 962 3774 referentur.

285 3819 418 3905 Restat,
440 3824 550 3890 animo
574 3837 685 3911 grato,
704 3826 743 3890 cl.
758 3824 942 3898 Hockerum
951 3834 1188 3923 monographiaa
