3000 5034
790 488 810 549 6

309 626 471 695 Esenbeok
498 622 662 715 Hepatioas
683 624 878 692 tavantcast
894 622 1111 690 Reinwatdtio
1139 633 1169 685 et
1191 619 1272 686 Blu-

309 745 376 812 mio
396 743 505 809 allatas
514 741 785 833 {descriptionibus
802 739 970 808 illustravit
983 736 1054 827 301.
1069 735 1225 828 Sprengel
1242 739 1273 799 in

309 873 480 949 systemate
496 861 739 946 vegetabilium,
755 860 919 950 Hepatioas
938 859 1038 925 totins
1062 853 1158 923 Orbis
1173 877 1269 920 com-

308 977 457 1065 pendiose
478 976 660 1067 descripsit3
685 974 734 1043 CI.
758 975 961 1063 Lindenberg
978 973 1135 1067 synopsin
1158 971 1269 1061 Hepa-

308 1097 447 1161 tioarom
456 1095 688 1185 Europoearum
699 1092 1161 1161 numerosisobservationibus
1175 1095 1270 1160 illue-

215 1235 218 1242 ·
308 1225 430 1279 tratam
445 1214 598 1305 praebuit,
623 1213 951 1300 Jungetmanniarusn
963 1213 1140 1280 vastissimo
1156 1233 1272 1297 genere

308 1329 349 1394 de
379 1329 504 1415 integro
534 1341 705 1396 asservato.
735 1326 928 1417 Nuperrim'e
954 1341 1063 1394 autem
1084 1325 1123 1394 ol.
1142 1325 1270 1412 Corda,

306 1446 342 1510 in
353 1445 590 1513 undevicesimo
600 1442 749 1512 fasciculo
760 1446 944 1536 plantarum
958 1446 1271 1538 cryptogomioarum

307 1559 488 1626 Germanioe
518 1561 650 1627 Domini
684 1557 829 1648 Sturm,
872 1583 985 1647 genera
1015 1563 1153 1652 plurima
1176 1587 1196 1630 a
1221 1586 1275 1630 me

305 1680 405 1768 longo
428 1680 544 1745 abhinc
577 1690 721 1771 tempore
746 1681 945 1766 constituta,
971 1681 1061 1746 novis
1085 1678 1276 1746 denomina-

306 1796 444 1862 tionibus
457 1796 618 1865 indioavit.
639 1794 720 1881 Quae
747 1820 825 1864 cum
849 1797 893 1863 ita
912 1797 996 1884 sint,
1018 1807 1054 1861 ut
1072 1795 1274 1886 prioritatem

306 1911 409 2000 operis
423 1932 547 1980 servem
555 1959 567 1998 ‚
586 1933 725 2003 praesens
738 1912 932 2002 opusculum
945 1911 1033 1998 quasi
1057 1913 1271 2001 prodromum

305 2026 433 2117 majoris
465 2027 567 2118 operis
591 2027 679 2115 qnod
706 2050 787 2094 mox
815 2029 851 2093 in
886 2028 993 2094 lucem
1026 2028 1119 2092 edere
1150 2027 1266 2116 cupio,

305 2143 537 2230 publicandum
556 2144 678 2209 censui.
1130 2122 1131 2125 Ἴ

349 2260 388 2323 ln
426 2259 749 2325 commentationibus
791 2260 870 2326 meis
911 2258 1065 2325 boteniois
1092 2302 1103 2342 ,
1151 2280 1267 2346 genera

248 2380 250 2387 '
302 2376 490 2465 plantarum
528 2375 840 2465 cryptogamicarum
869 2375 904 2439 in
935 2371 1071 2440 familias
1105 2377 1265 2443 naturales

304 2490 506 2583 dispertiens,
516 2490 744 2582 Hepatioarum
756 2491 924 2577 cohortem
937 2490 972 2556 in
985 2486 1117 2557 familias
1128 2491 1268 2583 quinque

302 2606 468 2690 distribui,
491 2630 586 2694 quas,
607 2608 633 2673 si
644 2605 801 2673 familiam
822 2608 981 2693 integrans
1004 2629 1129 2675 servare
1148 2609 1269 2693 mavis,

301 2746 363 2815 pro
382 2723 515 2790 totidem
536 2723 683 2789 tribubus
706 2722 824 2793 habere
846 2734 946 2814 potes.
970 2720 1026 2789 Hae
1050 2735 1159 2790 autem
1185 2722 1267 2792 divi-

302 2842 407 2909 siones
431 2853 598 2927 sequentes
623 2851 698 2906 sunt
725 2861 734 2906 ε

344 2959 735 3026 ·1.JUNGan1A1tN1nEAE
768 2977 777 3022 t
803 2957 923 3025 Fructu
958 2957 1100 3025 solitario
1128 2946 1263 3050 quadri-¹

300 3078 418 3168 partito
427 3076 478 3143 vel
490 3076 688 3165 quadrivalvi
697 3123 709 3164 ‚
718 3078 959 3169 deoperoulato,
972 3079 1122 3145 columnia
1133 3082 1266 3146 centrali
1280 3094 1286 3103 ‘

300 3196 483 3274 destituto,
512 3195 684 3263 seminibus
719 3199 950 3286 elateribusque
980 3199 1188 3269 intermixtis.
1222 3237 1266 3250 -

299 3315 419 3383 Plantae
439 3317 608 3406 saepissime
632 3315 755 3384 foliosao
777 3319 941 3383 interdum
962 3315 1123 3397 frondosae
1137 3363 1148 3402 ‚
1160 3314 1262 3407 Spha-

301 3434 421 3518 gnideis
440 3435 638 3502 Andraeaoeis
658 3458 718 3524 que
744 3434 792 3526 (²⁶)
816 3435 936 3523 affines,
964 3472 1009 3485 —
1037 3433 1157 3502 Genera
1179 3434 1262 3498 Jun-

301 3551 488 3633 germannie
507 3564 540 3616 et
564 3551 663 3617 blasio
686 3552 809 3617 Linnei.

303 3736 1266 3768 ·-——--------—-----·--—-·

334 3813 370 3884 (ι)
388 3815 558 3881 Schtsthecae,
571 3815 671 3873 Comm.
685 3814 739 3869 bot.
753 3837 779 3886 p.
792 3816 837 3870 68.
897 3874 900 3880 ,
